<?xml version="1.0" encoding="UTF-8" ?>
<collection xmlns:xsi="http://www.w3.org/2001/XMLSchema-instance"
    xsi:schemaLocation="http://www.loc.gov/MARC21/slim
        http://www.loc.gov/standards/marcxml/schema/MARC21slim.xsd"
    xmlns="http://www.loc.gov/MARC21/slim">
<record>
  <leader>00267cam a2200517 i 4500</leader>
  <controlfield tag="001">b12462445</controlfield>
  <controlfield tag="003">LeBAU</controlfield>
  <controlfield tag="005">20190911</controlfield>
  <controlfield tag="008">970524s1946    ua ah    b    001 0 ara d</controlfield>
  <datafield tag="035" ind1=" " ind2=" ">
    <subfield code="a">ocn784327243</subfield>
  </datafield>
  <datafield tag="040" ind1=" " ind2=" ">
    <subfield code="a">LEAUB</subfield>
    <subfield code="b">ara</subfield>
    <subfield code="e">rda</subfield>
    <subfield code="c">LEAUB</subfield>
    <subfield code="d">LEAUB</subfield>
  </datafield>
  <datafield tag="082" ind1="0" ind2="4">
    <subfield code="a">353.7</subfield>
    <subfield code="2">22</subfield>
  </datafield>
  <datafield tag="100" ind1="1" ind2=" ">
    <subfield code="6">880-01</subfield>
    <subfield code="a">Shayzarī, ʻAbd al-Raḥmān ibn Naṣr,</subfield>
    <subfield code="d">active 12th century.</subfield>
    <subfield code="e">author.</subfield>
    <subfield code="0">https://lccn.loc.gov/n88095635 ,</subfield>
  </datafield>
  <datafield tag="245" ind1="1" ind2="0">
    <subfield code="6">880-02</subfield>
    <subfield code="a">Kitāb Nihāyat al-rutbah fī ṭalab al-ḥisbah /</subfield>
    <subfield code="c">taʼlīf  ʻAbd al-Raḥmān ibn Naṣr al-Shayzarī ; qāma bi-nashrih al-Sayyid al-Bāz al-ʻArīnī, mudarris bi-Madrasat al-Khīdiwi Ismāʻīl al-Thānawīyah ; bi-ishrāf Muḥammad Muṣṭafá Ziyādah, ustādh tārīkh al-ʻuṣūr al-wusṭá bi-Jāmiʻat Fuʼād al-Awwal.</subfield>
  </datafield>
  <datafield tag="246" ind1="3" ind2="0">
    <subfield code="6">880-03</subfield>
    <subfield code="a">Nihāyat al-rutbah fī ṭalab al-ḥisbah</subfield>
  </datafield>
  <datafield tag="264" ind1=" " ind2="1">
    <subfield code="6">880-04</subfield>
    <subfield code="a">al-Qāhirah :</subfield>
    <subfield code="b">Maṭbaʻat Lajnat al-Taʼlīf wa al-Tarjamah wa al-Nashr,</subfield>
    <subfield code="c">1365 [H.] = 1946 [M.]</subfield>
  </datafield>
  <datafield tag="300" ind1=" " ind2=" ">
    <subfield code="6">880-05</subfield>
    <subfield code="a">d-s, 147 pages, 1 unnumbered page of plates :</subfield>
    <subfield code="b">illustrations, facsimile ;</subfield>
    <subfield code="c">24 cm</subfield>
  </datafield>
  <datafield tag="336" ind1=" " ind2=" ">
    <subfield code="a">text</subfield>
    <subfield code="b">txt</subfield>
    <subfield code="2">rdacontent</subfield>
  </datafield>
  <datafield tag="336" ind1=" " ind2=" ">
    <subfield code="a">still image</subfield>
    <subfield code="b">sti</subfield>
    <subfield code="2">rdacontent</subfield>
  </datafield>
  <datafield tag="337" ind1=" " ind2=" ">
    <subfield code="a">unmediated</subfield>
    <subfield code="b">n</subfield>
    <subfield code="2">rdamedia</subfield>
  </datafield>
  <datafield tag="338" ind1=" " ind2=" ">
    <subfield code="a">volume</subfield>
    <subfield code="b">nc</subfield>
    <subfield code="2">rdacarrier</subfield>
  </datafield>
  <datafield tag="504" ind1=" " ind2=" ">
    <subfield code="a">يتضمن مراجع ببليوغرافية (صفحات [130]-138) وكشاف.</subfield>
  </datafield>
  <datafield tag="650" ind1=" " ind2="4">
    <subfield code="a">المحتسب.</subfield>
  </datafield>
  <datafield tag="650" ind1=" " ind2="4">
    <subfield code="a">الأسواق</subfield>
    <subfield code="z">البلدان الاسلامية.</subfield>
  </datafield>
  <datafield tag="650" ind1=" " ind2="0">
    <subfield code="a">Muhtasib.</subfield>
  </datafield>
  <datafield tag="650" ind1=" " ind2="0">
    <subfield code="a">Markets</subfield>
    <subfield code="z">Islamic countries.</subfield>
  </datafield>
  <datafield tag="651" ind1=" " ind2="4">
    <subfield code="a">البلدان الاسلامية</subfield>
    <subfield code="x">التجارة.</subfield>
  </datafield>
  <datafield tag="651" ind1=" " ind2="4">
    <subfield code="a">الامبراطورية الاسلامية</subfield>
    <subfield code="x">تاريخ</subfield>
    <subfield code="y">750-1258.</subfield>
  </datafield>
  <datafield tag="651" ind1=" " ind2="0">
    <subfield code="a">Islamic countries</subfield>
    <subfield code="x">Commerce.</subfield>
  </datafield>
  <datafield tag="651" ind1=" " ind2="0">
    <subfield code="a">Islamic Empire</subfield>
    <subfield code="x">History</subfield>
    <subfield code="y">750-1258.</subfield>
  </datafield>
  <datafield tag="700" ind1="1" ind2=" ">
    <subfield code="6">880-06</subfield>
    <subfield code="a">ʻArīnī, al-Sayyid al-Bāz.</subfield>
    <subfield code="e">publisher.</subfield>
    <subfield code="0">https://lccn.loc.gov/nr91038606 ,</subfield>
  </datafield>
  <datafield tag="700" ind1="1" ind2=" ">
    <subfield code="6">880-07</subfield>
    <subfield code="a">Ziyādah, Muḥammad Muṣṭafá.</subfield>
    <subfield code="e">editor.</subfield>
    <subfield code="0">https://lccn.loc.gov/nr91016804 ,</subfield>
  </datafield>
  <datafield tag="767" ind1="0" ind2="8">
    <subfield code="6">880-08</subfield>
    <subfield code="i">is translated as</subfield>
    <subfield code="4">http://rdaregistry.info/Elements/e/P20171 :</subfield>
    <subfield code="a">Shayzarī, ʻAbd al-Raḥmān ibn Naṣr, active 12th century.</subfield>
    <subfield code="t">Book of the Islamic market inspector = Nihayat al-Rutba fi Talab al-Hisba : the utmost authority in the pursuit of Hisba.</subfield>
    <subfield code="d">Oxford : Oxford University Press, 1999.</subfield>
    <subfield code="w">(OCoLC)42622049</subfield>
    <subfield code="w">(OCoLC)42622049</subfield>
  </datafield>
  <datafield tag="852" ind1=" " ind2=" ">
    <subfield code="a">Jafet Library</subfield>
    <subfield code="e">American University of Beirut, Bliss Street , Beirut, Lebanon.</subfield>
  </datafield>
  <datafield tag="880" ind1="1" ind2=" ">
    <subfield code="6">100-01/(3/r</subfield>
    <subfield code="a">الشيزري، عبد الرحمن بن نصر،</subfield>
    <subfield code="d">اشتهر في القرن 12،</subfield>
    <subfield code="0">https://lccn.loc.gov/n88095635 ,</subfield>
    <subfield code="e">مؤلف. </subfield>
    <subfield code="4">aut.</subfield>
  </datafield>
  <datafield tag="880" ind1="1" ind2="0">
    <subfield code="6">245-02/(3/r</subfield>
    <subfield code="a">كتاب نهاية الرتبة في طلب الحسبة /</subfield>
    <subfield code="c">تأليف عبد الرحمن بن نصر الشيزري ؛ قام على نشره السيد الباز العريني، مدرس بمدرسة الخديو إسماعيل الثانوية ؛ بإشراف محمد مصطفى زيادة، أستاذ تاريخ العصور الوسطى بجامعة فؤاد الأول.</subfield>
  </datafield>
  <datafield tag="880" ind1="3" ind2="0">
    <subfield code="6">246-03/(3/r</subfield>
    <subfield code="a">نهاية الرتبة في طلب الحسبة</subfield>
  </datafield>
  <datafield tag="880" ind1=" " ind2="1">
    <subfield code="6">264-04/(3/r</subfield>
    <subfield code="a">القاهرة :</subfield>
    <subfield code="b">مطبعة لجنة التأليف والترجمة والنشر،</subfield>
    <subfield code="c">1365 [هـ.] = 1946 [م.]</subfield>
  </datafield>
  <datafield tag="880" ind1=" " ind2=" ">
    <subfield code="6">300-05/(3/r</subfield>
    <subfield code="a">د-س، 147 صفحة, 1 صفحة لوحات غير مرقمة :</subfield>
    <subfield code="b">مصورات، صورة طبق الاصل ؛</subfield>
    <subfield code="c">24 سم</subfield>
  </datafield>
  <datafield tag="880" ind1="1" ind2=" ">
    <subfield code="6">700-06/(3/r</subfield>
    <subfield code="a">العريني، السيد الباز،</subfield>
    <subfield code="0">https://lccn.loc.gov/nr91038606 ,</subfield>
    <subfield code="e">ناشر. </subfield>
    <subfield code="4">pbl.</subfield>
  </datafield>
  <datafield tag="880" ind1="1" ind2=" ">
    <subfield code="6">700-07/(3/r</subfield>
    <subfield code="a">زيادة، محمد مصطفى،</subfield>
    <subfield code="0">https://lccn.loc.gov/nr91016804 ,</subfield>
    <subfield code="e">محرر. </subfield>
    <subfield code="4">edt.</subfield>
  </datafield>
  <datafield tag="880" ind1="0" ind2="8">
    <subfield code="6">767-08/(3/r</subfield>
    <subfield code="i">ترجم ك</subfield>
    <subfield code="4">http://rdaregistry.info/Elements/e/P20171 :</subfield>
    <subfield code="a">Shayzarī, ʻAbd al-Raḥmān ibn Naṣr, active 12th century.</subfield>
    <subfield code="t">Book of the Islamic market inspector = Nihayat al-Rutba fi Talab al-Hisba : the utmost authority in the pursuit of Hisba.</subfield>
    <subfield code="d">Oxford : Oxford University Press, 1999.</subfield>
    <subfield code="w">(LEAUB)b13861086</subfield>
    <subfield code="w">(OCoLC)42622049</subfield>
  </datafield>
  <datafield tag="907" ind1=" " ind2=" ">
    <subfield code="a">.b12462445</subfield>
    <subfield code="b">19-09-11</subfield>
    <subfield code="c">11-05-24</subfield>
  </datafield>
  <datafield tag="907" ind1=" " ind2=" ">
    <subfield code="a">.b12462445</subfield>
    <subfield code="b">11-10-11</subfield>
    <subfield code="c">11-05-24</subfield>
  </datafield>
  <datafield tag="945" ind1=" " ind2=" ">
    <subfield code="f">J</subfield>
    <subfield code="a">353.7:S538nA:c.1</subfield>
    <subfield code="i">01022836</subfield>
    <subfield code="j">.i12943800</subfield>
    <subfield code="l">u0503</subfield>
  </datafield>
  <datafield tag="998" ind1=" " ind2=" ">
    <subfield code="a">u05</subfield>
    <subfield code="b">97-05-24</subfield>
    <subfield code="c">m</subfield>
    <subfield code="d">a  </subfield>
    <subfield code="e">-</subfield>
    <subfield code="f">ara</subfield>
    <subfield code="g">ua </subfield>
    <subfield code="h">0</subfield>
    <subfield code="i">1</subfield>
  </datafield>
</record>
</collection>
